2858 4534
388 263 415 320 0
738 225 887 312 ·L1o.
947 225 1000 308 V.

306 260 547 431 Mihe4etiam
572 338 730 452 prenosse
759 348 871 424 oices:
900 368 948 420 an
977 337 1136 446 merserit
1158 339 1270 448 'agrae
1317 357 1321 366 '

306 467 445 562 Nilus,
473 489 521 541 an
551 457 734 564 imbrisero
762 457 869 558 Libye
889 455 1083 561 sudaverit
1110 458 1270 558 Austro,

305 581 518 675 Cunbiaque
539 573 572 684 fi
601 594 803 668 numerem,
833 593 901 648 non
926 570 1038 670 plura
1068 572 1262 666 interprete
1293 578 1400 680 virga

308 696 471 772 Nuntiat
498 715 516 765 e
545 685 641 796 celsis
670 685 744 762 ales
774 689 991 787 Tegeaticus
1018 683 1149 787 aslris;
1238 762 1242 773 ,
1279 687 1283 690 ’

306 807 453 900 Quaque
481 801 581 877 cadit
610 799 769 897 liquidas
788 801 950 888 junonia
977 801 1078 900 virgo
1103 813 1167 893 per
1195 819 1336 900 auras,

305 921 355 996 Et
379 917 563 1012 pihluiato
586 913 752 1013 pluuium
780 913 872 1016 ligat
901 934 984 988 aera
1007 905 1118 1013 gpro.

305 1033 454 1125 Quaque
482 1048 565 1106 tuas
592 1029 718 1103 laurus
745 1027 909 1119 volucri,
938 1026 1177 1122 Germanice,
1205 1022 1300 1129 curs
1290 1053 1318 1103 u

305 1143 572 1237 ramanent,
595 1133 779 1242 progressa
809 1137 927 1233 diem,
955 1138 1166 1248 tardumque
1188 1133 1260 1240 sub
1288 1141 1391 1246 osiris

306 1255 489 1352 meana,
521 1247 566 1342 (p
596 1258 634 1330 in
664 1256 777 1328 medio
806 1253 942 1352 linquit
970 1249 1244 1330 Thaumantida
1273 1259 1371 1331 col.

306 1370 452 1462 Qualem
479 1389 515 1444 te
544 1371 700 1466 Superi,
733 1361 945 1468 Priscilla,¹
964 1359 1180 1468 hominesque
1208 1365 1358 1474 benigno

308 1475 492 1586 Aspexere
522 1482 580 1556 die
607 1502 687 1564 cum
709 1482 864 1575 primum
892 1477 1091 1579 ingentibus
1118 1483 1224 1566 aelis'

308 1595 489 1672 Admotus
520 1590 674 1697 conjure!
701 1593 815 1697 oicisli
839 1595 981 1694 gaudia
1010 1613 1103 1686 certe

307 1704 441 1817 Ipsus,
469 1697 597 1811 adfuso
623 1706 707 1781 dum
731 1709 868 1803 peecare
891 1719 1006 1802 prona
1024 1699 1189 1807 sacratos

308 1829 409 1897 Ante
432 1821 539 1917 pedes
567 1819 671 1896 anibe
700 1823 845 1897 Domini
874 1835 949 1922 tam
976 1840 1112 1926 magna·
1134 1833 1299 1906 merentis

308 1933 487 2014 Volneris.
515 1937 637 2021 mnia,
664 1953 732 2019 non
754 1929 805 2041 sc
836 1937 875 2013 in
903 1934 1039 2008 vertice
1060 1936 1202 2038 gaudet

306 2045 421 2138 Quam
444 2059 549 2142 pater
576 2049 702 2120 arcani
728 2039 888 2145 prefecit
916 2042 1073 2123 hiatibus
1101 2057 1202 2129 antri

308 2157 461 2252 Delius,
490 2176 554 2232 aut
578 2159 777 2258 primiani
798 2153 862 2263 jus
891 2158 1089 2236 venerabile
1117 2162 1232 2274 rhyrs

309 2269 495 2366 Bacchus,
525 2263 571 2357 (θ’
600 2276 752 2350 attonite
781 2257 908 2349 tribuit
937 2272 1074 2349 vexilla
1103 2299 1274 2357 cat-erne.
1427 2303 1428 2306 ‘

310 2391 387 2463 Nec
415 2403 532 2460 tamen
562 2376 618 2466 hic
645 2403 782 2461 mutata
810 2388 935 2482 quies,
958 2383 1159 2491 probitasve
1182 2371 1351 2502 secundis

308 2501 507 2574 Intumuit.-
535 2516 635 2574 tenor
664 2495 755 2573 idem
783 2503 932 2594 animo,
960 2493 1134 2602 moresque
1163 2508 1327 2612 modesli,

310 2615 473 2690 Fortuna
503 2602 703 2711 crescente,
732 2630 903 2688 manent:
924 2603 1029 2716 sinet
1057 2622 1171 2694 anxia
1200 2645 1304 2700 curas
1424 2581 1426 2734 h

310 2721 508 2830 conjugis,
537 2725 764 2820 hortaturque
785 2720 916 2830 fimul,
936 2721 1123 2825 flebileque
1150 2733 1305 2813 labotes.

310 2831 388 2940 Ipsa
417 2839 522 2935 dapes
548 2839 726 2932 modicas,
755 2829 800 2932 (ς
820 2831 943 2941 sobria
967 2839 1103 2938 pocula'
1121 2849 1266 2946 tradit,

311 2952 585 3050 Exemplumque
613 2951 663 3046 ad
688 2943 797 3029 herile
824 2973 958 3030 monet:
985 2954 1083 3034 velut
1100 2961 1254 3060 Appula
1284 2956 1403 3064 conjnx

311 3065 493 3166 ‹Agricolae
517 3069 648 3165 purci;
676 3066 735 3142 nel
751 3059 825 3168 sile
849 3055 992 3166 xinsehle
1020 3069 1187 3169 Sabina,

312 3179 393 3270 Qua
421 3181 521 3255 videt
547 3181 711 3273 emeriti,
732 3178 811 3280 jam
835 3181 1136 3278 prospeblantibus
1155 3185 1282 3298 astris,
