2870 4542
351 277 426 376 164
706 249 846 346 Lis.
901 252 983 342 111.
1091 335 1094 342 ,
1221 303 1237 340 .·

291 395 458 475 Montis;
486 377 532 476 (α’
560 375 721 485 immenso
747 401 816 458 non
843 399 1008 475 uuquam*
1026 365 1161 478 eriasus
1187 369 1234 450 ab
1261 384 1358 469 auo,

291 513 441 586 Terreat
452 527 470 588 ,·
500 491 569 601 ipse
597 493 726 592 adero,
757 484 802 579 lo·
830 495 1012 567 conamina
1040 507 1145 568 tanta
1165 484 1327 596 juoabo,

287 613 498 724 «asperaque
527 598 895 710 innitapersringam
923 597 1059 709 viscera
1087 595 1206 682 terra.
1269 591 1272 598 ’

287 740 432 832 Incipe,
461 721 510 813 (β’
535 724 722 804 Herculeis
739 711 860 821 fidens
888 716 1084 795 hortatibus
1113 716 1225 792 aude.
1294 739 1297 766 ³

176 866 181 877 “
288 856 370 926 Nou
398 840 619 940 amphionio
639 835 806 940 sleterr'ut
831 831 982 909 uelocius
1009 851 1134 924 arces,

288 947 543 1061 Pergameusve
572 949 693 1028 labor:
722 949 845 1041 dixit,
873 964 1087 1041 mentemque
1115 941 1282 1036 reliquit.
1383 957 1387 964 ·

286 1081 365 1154 Nec
394 1092 515 1162 mora,
542 1058 737 1165 conscripta
747 1051 956 1161 sumantur
985 1062 1139 1162 imagine
1168 1053 1320 1152 templa:
1386 1113 1389 1122 ,

287 1197 477 1265 innumera
504 1183 615 1257 coiere
643 1198 789 1252 manus:
819 1171 875 1248 bis
903 1167 1027 1250 cadere
1051 1165 1190 1277 siloas,
1254 1157 1257 1165 ’

286 1309 333 1382 Et
361 1301 479 1376 levare
506 1289 645 1370 trabes:
660 1329 662 1334 ,
675 1289 754 1364 illis
780 1290 985 1388 immergere
1014 1307 1103 1361 cura

181 1449 202 1513 j
288 1413 541 1494 Fundamenta
562 1401 657 1510 solo:
687 1404 852 1498 coquitur
875 1413 960 1496 pars
988 1397 1099 1475 uvida
1128 1413 1227 1471 terra

286 1507 499 1603 Proteilura
529 1519 681 1612 hiemes,
708 1533 813 1608 atque
837 1501 1030 1616 ¹euelusura
1054 1512 1208 1608 pruinas
1220 1531 1239 1592 ;
1272 1545 1274 1550 ·

178 1627 181 1636 ’
288 1629 544 1737 Indomitasque
566 1626 658 1736 slon
687 1649 796 1703 carna
820 1614 968 1729 sornacc
996 1617 1195 1723 liquescit„

287 1754 492 1846 Pracipuns
513 1735 585 1847 sed
610 1746 701 1819 enim
729 1736 826 1816 labor
852 1737 899 1843 esl
925 1729 1128 1838 exscindere
1155 1733 1286 1812 deutra
1381 1768 1384 1776 v

288 1859 465 1971 Oppostas
493 1872 623 1957 rupes,
653 1845 699 1939 θ
719 1845 814 1958 sana
844 1855 1015 1954 negantia
1037 1845 1160 1954 serro.

289 1967 361 2058 Hic
385 1991 491 2074 pater
520 1963 591 2071 ipse
619 1969 710 2062 loci,
733 1961 855 2071 postis
884 1962 1242 2067 Tirynthius-armis
1325 2043 1328 2054 ,

287 2083 463 2192 insudat,
493 2082 682 2176 validaque
701 2073 819 2182 solum
846 2069 1001 2179 desorme
1030 2062 1228 2174 bipenni,

288 2213 382 2304 cum
404 2218 518 2302 grane
547 2196 722 2272 noiiurna
750 2191 869 2268 calum
891 2185 1100 2293 subtexitur
1127 2187 1276 2286 umbra,

289 2309 362 2419 lpse
387 2308 517 2416 sodit:
547 2309 639 2387 dites
667 2315 834 2404 Caprea,
862 2297 1061 2408 uiridesque
1090 2295 1267 2406 resultant

288 2425 535 2520 Taurubulae,
564 2414 609 2508 (ς’
636 2423 744 2499 terris
771 2423 896 2520 ingens
923 2419 1018 2496 redit
1044 2417 1194 2514 aquosis
1219 2411 1339 2510 Echo,

287 2553 371 2625 Non
400 2559 474 2616 tam
496 2532 635 2639 grande
654 2525 762 2634 saonae
790 2534 891 2605 motis
919 2521 1111 2606 incudibus
1137 2535 1294 2623 olisna,

289 2655 383 2734 cum
412 2660 559 2729 Brontes
586 2637 811 2746 Steropesque
832 2635 952 2746 seru:
981 2664 1043 2719 nce
1071 2639 1183 2748 major
1210 2642 1255 2716 ab
1277 2645 1387 2738 antiis

289 2767 489 2848 Lemniacis
509 2753 640 2864 fragor
667 2755 739 2860 esl,
768 2755 829 2833 ubi
851 2751 1037 2856 flammeus
1064 2755 1175 2860 aegida
1205 2755 1304 2850 calet

291 2877 494 2976 Mulciber,
522 2865 567 2962 (5
595 2867 698 2975 casis
727 2865 874 2952 extruat
905 2870 1066 2952 Pallada
1094 2871 1237 2948 donis.¹
